<?xml version="1.0" encoding="UTF-8"?><collection xmlns="http://www.loc.gov/MARC21/slim"><record><leader>00409nam--2200133-i-4500</leader><controlfield tag="001">000047675</controlfield><controlfield tag="002">20161230</controlfield><controlfield tag="005">20161230201046</controlfield><controlfield tag="008">060222s1000------------r-----000-0-eng-d</controlfield><datafield ind1=" " ind2=" " tag="100"><subfield code="a">Wilson, Ira G., Wilson, Marthann E</subfield></datafield><datafield ind1=" " ind2=" " tag="245"><subfield code="a">Information, computers and system design</subfield></datafield><datafield ind1=" " ind2=" " tag="260"><subfield code="a">New York, John Wiley &amp; Sons, Inc., 1965, Xx+341p</subfield></datafield><datafield ind1=" " ind2=" " tag="490"><subfield code="a">Wiley Series On Systems Engineering And Analysis</subfield></datafield><datafield ind1=" " ind2=" " tag="852"><subfield code="a">22402</subfield></datafield></record></collection>